<?xml version="1.0" encoding="UTF-8"?><collection xmlns="http://www.loc.gov/MARC21/slim"><record><leader>00402nam--2200133-i-4500</leader><controlfield tag="001">000013339</controlfield><controlfield tag="002">20161230</controlfield><controlfield tag="005">20161230201030</controlfield><controlfield tag="008">060222s1000------------r-----000-0-eng-d</controlfield><datafield ind1=" " ind2=" " tag="080"><subfield code="a">621.039.577:621.039.512(043)</subfield></datafield><datafield ind1=" " ind2=" " tag="100"><subfield code="a">Bernard, Patrice</subfield></datafield><datafield ind1=" " ind2=" " tag="245"><subfield code="a">Fluctuations neutroniques dans les reacteurs de puissance a eau sous pression. these</subfield></datafield><datafield ind1=" " ind2=" " tag="260"><subfield code="a">Paris, Universite, 1978 51 P. + Dif</subfield></datafield><datafield ind1=" " ind2=" " tag="852"><subfield code="a">48439</subfield></datafield></record></collection>